<collection xmlns="http://www.loc.gov/MARC21/slim">
<record>
  <leader>01829nam0a22002771i 450 </leader>
  <controlfield tag="001">IT\ICCU\CNCE\039445</controlfield>
  <controlfield tag="005">19981110000000.0</controlfield>
  <datafield tag="012" ind1=" " ind2=" ">
    <subfield code="a">0208 dai- nain taci (3) 1589 (R)</subfield>
    <subfield code="2">fei</subfield>
  </datafield>
  <datafield tag="100" ind1=" " ind2=" ">
    <subfield code="a">19981110d1589        0itac0103    ba</subfield>
  </datafield>
  <datafield tag="101" ind1=" " ind2=" ">
    <subfield code="a">LAT</subfield>
  </datafield>
  <datafield tag="102" ind1=" " ind2=" ">
    <subfield code="a">IT</subfield>
  </datafield>
  <datafield tag="200" ind1="1" ind2=" ">
    <subfield code="a">Reductorij moralis Petri Berchorij Pictauiensis ordinis diui Benedicti, libri quatuordecim. Perfectam officiorum atque morum rat</subfield>
  </datafield>
  <datafield tag="210" ind1=" " ind2=" ">
    <subfield code="a">Venetijs</subfield>
    <subfield code="c">apud Gasparem Bindonum</subfield>
    <subfield code="d">sumptibus sociorum</subfield>
    <subfield code="d">1589</subfield>
    <subfield code="e">Venetijs</subfield>
    <subfield code="g">ex officina Gasparis Bindoni</subfield>
  </datafield>
  <datafield tag="215" ind1=" " ind2=" ">
    <subfield code="a">\8!, 698, \2! p.</subfield>
    <subfield code="d"></subfield>
  </datafield>
  <datafield tag="300" ind1=" " ind2=" ">
    <subfield code="a"></subfield>
  </datafield>
  <datafield tag="620" ind1=" " ind2=" ">
    <subfield code="a">IT</subfield>
    <subfield code="d">Venezia</subfield>
  </datafield>
  <datafield tag="712" ind1="0" ind2="0">
    <subfield code="a">Bindoni, Gaspare</subfield>
    <subfield code="c"> &lt;1.&gt;</subfield>
    <subfield code="3">IT\ICCU\CNCT\000267</subfield>
    <subfield code="4">650</subfield>
  </datafield>
  <datafield tag="712" ind1="0" ind2="0">
    <subfield code="a">Patessi, Angelo</subfield>
    <subfield code="3">IT\ICCU\CNCT\001578</subfield>
    <subfield code="4">650</subfield>
  </datafield>
  <datafield tag="791" ind1="0" ind2="2">
    <subfield code="a">℗al segno dell&apos;℗Angelo Raffaele</subfield>
    <subfield code="c"> &lt;1581-1584&gt;</subfield>
    <subfield code="3">IT\ICCU\CNCT\002985</subfield>
    <subfield code="z">Bindoni, Gaspare &lt;1.&gt;</subfield>
  </datafield>
  <datafield tag="791" ind1="0" ind2="0">
    <subfield code="a">Bindonus, Gaspar</subfield>
    <subfield code="3">IT\ICCU\CNCT\004387</subfield>
    <subfield code="z">Bindoni, Gaspare &lt;1.&gt;</subfield>
  </datafield>
  <datafield tag="791" ind1="0" ind2="0">
    <subfield code="a">Patessius, Angelus</subfield>
    <subfield code="3">IT\ICCU\CNCT\005304</subfield>
    <subfield code="z">Patessi, Angelo</subfield>
  </datafield>
  <datafield tag="791" ind1="0" ind2="0">
    <subfield code="a">Patesio, Angelo</subfield>
    <subfield code="3">IT\ICCU\CNCT\005305</subfield>
    <subfield code="z">Patessi, Angelo</subfield>
  </datafield>
  <datafield tag="801" ind1=" " ind2="3">
    <subfield code="a">IT</subfield>
    <subfield code="b">ICCU</subfield>
    <subfield code="c">20201114</subfield>
  </datafield>
  <datafield tag="899" ind1=" " ind2=" ">
    <subfield code="a">Biblioteca nazionale centrale. Roma</subfield>
    <subfield code="1">RM0267</subfield>
    <subfield code="2">BVE CR</subfield>
  </datafield>
  <datafield tag="911" ind1=" " ind2=" ">
    <subfield code="a">In fine.</subfield>
    <subfield code="9">IT\ICCU\CNCM\000032</subfield>
  </datafield>
  <datafield tag="921" ind1=" " ind2=" ">
    <subfield code="a">IT\ICCU\CNCM\000032</subfield>
    <subfield code="b">Arcangelo Raffaele e Tobiolo (angelo che tiene per mano un bambino con un pesce). A sinistra un cane. In cornice figurata</subfield>
    <subfield code="c">Z99</subfield>
    <subfield code="f">ANGELO</subfield>
    <subfield code="f">CANE</subfield>
    <subfield code="f">PESCE</subfield>
    <subfield code="g">1553-1589</subfield>
  </datafield>
</record>
</collection>
